<mx:record xmlns="http://www.w3.org/TR/xhtml1/strict" xmlns:mx="http://www.loc.gov/MARC21/slim" xmlns:xsi="http://www.w3.org/2001/XMLSchema-instance"><mx:leader>00000nz   2200000n  0000</mx:leader><mx:controlfield tag="001">oca03854907 </mx:controlfield><mx:controlfield tag="005">19950610053905.1</mx:controlfield><mx:controlfield tag="008">950607n| acannaab|          |a aaa     c</mx:controlfield><mx:datafield ind1=" " ind2=" " tag="010"><mx:subfield code="a">nr 95021153</mx:subfield></mx:datafield><mx:datafield ind1=" " ind2=" " tag="040"><mx:subfield code="a">NNC</mx:subfield><mx:subfield code="c">NNC</mx:subfield></mx:datafield><mx:datafield ind1="0" ind2=" " tag="100"><mx:subfield code="a">Septimius Serenus</mx:subfield></mx:datafield><mx:datafield ind1="1" ind2=" " tag="400"><mx:subfield code="a">Serenus, Septimius</mx:subfield></mx:datafield><mx:datafield ind1="1" ind2=" " tag="400"><mx:subfield code="a">Serenus, A. Septimus</mx:subfield></mx:datafield><mx:datafield ind1=" " ind2=" " tag="670"><mx:subfield code="a">His Carmen [CF] 1991:</mx:subfield><mx:subfield code="b">PHI CD ROM #5.3, Latin Canon, bibliographic screen (Septimius Serenus)</mx:subfield></mx:datafield><mx:datafield ind1=" " ind2=" " tag="670"><mx:subfield code="a">Oxford class. dict., 1st ed.:</mx:subfield><mx:subfield code="b">p. 829 (Septimius Serenus; one of the rural poets in Hadrian&amp;#039;s time; wrote rural poems)</mx:subfield></mx:datafield><mx:datafield ind1=" " ind2=" " tag="670"><mx:subfield code="a">NUC pre-56:</mx:subfield><mx:subfield code="b">v. 538, p. 646 (Serenus, Septimius)</mx:subfield></mx:datafield><mx:datafield ind1=" " ind2=" " tag="670"><mx:subfield code="a">A Dictionary of Greek and Roman biography and mythology, 1967:</mx:subfield><mx:subfield code="b">v. 3, p. 787 (Serenus, A. Septimius; a Roman lyric poet; the age in which he flourished is uncertain, since it depends upon the epoch which we assign to Terentianus Maurus, with whom he seems to be nearly contemporary)</mx:subfield></mx:datafield><mx:datafield ind1=" " ind2=" " tag="670"><mx:subfield code="a">The Fragmentary Latin poets, 1993:</mx:subfield><mx:subfield code="b">p. 408-420 (Septimius Serenus; authorities differ as to the dates for this author: possibly in the middle of the 3rd cent. A.D.; possibly to be equated with the Septimius Serenus of procuratorial rank in Egypt in 174 A.D.; dearth of reliable information leaves the question of dating unsettled)</mx:subfield></mx:datafield><mx:datafield ind1=" " ind2=" " tag="675"><mx:subfield code="a">Pauly-Wissowa.</mx:subfield></mx:datafield><mx:datafield ind1=" " ind2=" " tag="999"><mx:subfield code="a">83</mx:subfield></mx:datafield></mx:record>